@article{data,
author={Pia H. Smedsrud and Vajira Thambawita and Steven A. Hicks and Henrik Gjestang and Olsen Nedrejord and Espen NÃ¦ss and Hanna Borgli and Debesh Jha
},
title={Kvasir-Capsule, a video capsule endoscopy dataset},
year={2021},
}

@misc{SRCNN,
  url = {https://arxiv.org/abs/1501.00092},
  
  author = {Dong, Chao and Loy, Chen Change and He, Kaiming and Tang, Xiaoou},
  
  title = {Image Super-Resolution Using Deep Convolutional Networks},
  
  year = {2015},
}
@misc{SRGAN,
  url = {https://arxiv.org/abs/1609.04802},
  
  author = {Ledig, Christian and Theis, Lucas and Huszar, Ferenc and Caballero, Jose and Cunningham, Andrew and Acosta, Alejandro and Aitken, Andrew and Tejani, Alykhan and Totz, Johannes and Wang, Zehan and Shi, Wenzhe},
  
  title = {Photo-Realistic Single Image Super-Resolution Using a Generative Adversarial Network},
  
  year = {2016},
}

@ARTICLE{CycleCNN,
author={Zhang, Haopeng and Wang, Pengrui and Jiang, Zhiguo},
journal={IEEE Transactions on Geoscience and Remote Sensing},
title={Nonpairwise-Trained Cycle Convolutional Neural Network for Single Remote Sensing Image Super-Resolution},
year={2021}}

@misc{Adam,
  
  url = {https://arxiv.org/abs/1412.6980},
  
  author = {Kingma, Diederik P. and Ba, Jimmy},
  
  title = {Adam: A Method for Stochastic Optimization},
  
  year = {2014},
}

@misc{GAN,
  url = {https://arxiv.org/abs/1406.2661},
  author = {Goodfellow, Ian J. and Pouget-Abadie, Jean and Mirza, Mehdi and Xu, Bing and Warde-Farley, David and Ozair, Sherjil and Courville, Aaron and Bengio, Yoshua},
  title = {Generative Adversarial Networks},
  year = {2014},
}

@ARTICLE{SSIM,  
author={Zhou Wang and Bovik, A.C. and Sheikh, H.R. and Simoncelli, E.P.},  
journal={IEEE Transactions on Image Processing},   
title={Image quality assessment: from error visibility to structural similarity},  
year={2004}}

@misc{PSNR,
  url = {https://arxiv.org/abs/1605.07116},
  
  author = {Fardo, Fernando A. and Conforto, Victor H. and de Oliveira, Francisco C. and Rodrigues, Paulo S.},
  
  
  title = {A Formal Evaluation of PSNR as Quality Measurement Parameter for Image Segmentation Algorithms},
  
  year = {2016},
}
@misc{Lpips,
  
  url = {https://arxiv.org/abs/1801.03924},
  
  author = {Zhang, Richard and Isola, Phillip and Efros, Alexei A. and Shechtman, Eli and Wang, Oliver},
  
  title = {The Unreasonable Effectiveness of Deep Features as a Perceptual Metric},
  
  year = {2018},
}

@misc{CycleGAN,
  
  author = {Zhu, Jun-Yan and Park, Taesung and Isola, Phillip and Efros, Alexei A.},
  
  title = {Unpaired Image-to-Image Translation using Cycle-Consistent Adversarial Networks},
}
@article{Capsule,
title = {A survey on deep learning models for wireless capsule endoscopy image analysis},
author = {Prabhananthakumar Muruganantham and Senthil Murugan Balakrishnan}
}

@article{Bicubic,
author = {Liu, Jing and Gan, Zongliang and Zhu, Xiuchang},
year = {2013},
title = {Directional Bicubic Interpolation}}

@inproceedings{lanczos,
author = {Kessentini, A. and Bahri, Nejmeddine and Masmoudi, Nouri and Samet, Amine and Ben Ayed, Mohamed Ali},
year = {2014},
title = {DSP-based down-sampling process using lanczos Sampling},
}

@article{RCAN,
      title={Image Super-Resolution Using Very Deep Residual Channel Attention Networks}, 
      author={Yulun Zhang and Kunpeng Li and Kai Li and Lichen Wang and Bineng Zhong and Yun Fu},
      year={2018}
}


@misc{DLSR,
  

  
  author = {Wang, Zhihao and Chen, Jian and Hoi, Steven C. H.},
  
  
  title = {Deep Learning for Image Super-resolution: A Survey},
  
  publisher = {arXiv},
  
  year = {2019},
  
}

@INPROCEEDINGS{CycleCNN ,author={Wang, Pengrui and Zhang, Haopeng and Zhou, Feng and Jiang, Zhiguo},  title={Unsupervised Remote Sensing Image Super-Resolution Using Cycle CNN},year={2019}}

@INPROCEEDINGS{DenseNET,  author={Tong, Tong and Li, Gen and Liu, Xiejie and Gao, Qinquan},   title={Image Super-Resolution Using Dense Skip Connections},   year={2017}}